@Manual{R-base,
  title = {R: A Language and Environment for Statistical Computing},
  author = {{R Core Team}},
  organization = {R Foundation for Statistical Computing},
  address = {Vienna, Austria},
  year = {2019},
  url = {https://www.R-project.org/},
}
@Manual{R-knitr,
  title = {knitr: A General-Purpose Package for Dynamic Report Generation in R},
  author = {Yihui Xie},
  year = {2019},
  note = {R package version 1.24},
  url = {https://CRAN.R-project.org/package=knitr},
}
@Manual{R-nlme,
  title = {nlme: Linear and Nonlinear Mixed Effects Models},
  author = {Jos√© Pinheiro and Douglas Bates and {R-core}},
  year = {2019},
  note = {R package version 3.1-140},
  url = {https://CRAN.R-project.org/package=nlme},
}
@Manual{R-rmarkdown,
  title = {rmarkdown: Dynamic Documents for R},
  author = {JJ Allaire and Yihui Xie and Jonathan McPherson and Javier Luraschi and Kevin Ushey and Aron Atkins and Hadley Wickham and Joe Cheng and Winston Chang and Richard Iannone},
  year = {2019},
  note = {R package version 1.14},
  url = {https://CRAN.R-project.org/package=rmarkdown},
}
